% How can I put the \cite correctly...??

% Use \bibitem not working well.

% Use @article{aaaa, 
%    author = ...etc
%}      also not working well.



\begin{thebibliography}{1}

\bibitem{WHO}
World Health Organization. \emph{Standards for prosthetics and orthotics service provision: 2015–2017 work plan.} Geneva: 2015.

\end{thebibliography}



%\cite{wombat2016}
%\cite{lion2010}
%\cite{wikibook}

@article{wombat2016,
	author   = {Walther Wombat and Klaus Koala},
	title    = {The true meaning of 42},
	journal  = {Journal of modern skepticism},
	date     = {2016}
}

@book{lion2010,
	author       = {Laura Lion and  Gabrielle Giraffe and Carl Capybara},
	title        = {The dangers of asking the wrong question},
	publisher    = {publishing house},
	date         = {2010}
}

@online{wikibook,
	title        = {Generating Bibliographies with biblatex and biber},
	organization = {Wikibooks},
	date         = {2016},
	urldate      = {2016-03-07},
	url          = {https://en.wikibooks.org/wiki/LaTeX/Generating_Bibliographies_with_biblatex_and_biber}
}

% @article{WHO,
% 	author   = {World Health Organization.},
% 	title    = {Standards for prosthetics and orthotics service provision: 2015–2017 work plan.},
% 	journal  = {Geneva},
% 	date     = {2015}
% }

